@manual{linearAmplifier,
	title = "{Benutzerhandbuch Amplifier Analyzer}",
	organization = "Fa.Nuclear Enterprises",
	edition = "{Modell 4630}",
}

@misc{gold_algo,
	title = "{An Iterative Unfolding Method for Response Matrices}",
	author = {Gold R.},
	journal = {Argonne National Laboratories},
	issue = {ANL-6984},
	year = "1964",
}

@misc{ root,
	title = "{ROOT | A Data Analysis Framework}",
	howpublished = "\url{http://root.cern.ch/drupal/}",
}

@misc{versuchsanleitung,
	title = "{Versuchsanleitung: Lebensdauer von Positronen in Festk√∂rpern (M8)}",
	howpublished = "\url{http://www.physik.rwth-aachen.de/fileadmin/user_upload/www_physik/Institute/Inst_3B/Lehre/Praktikum/Versuchsanleitungen/v08.pdf}",
	year = "2010",
}


@article{PhysRevB.70.115410,
  title = {Diffusion length of positrons and positronium investigated using a positronbeam with longitudinal geometry},
  author = {Van Petegem, S. and Dauwe, C. and Van Hoecke, T. and De Baerdemaeker, J. and Segers, D.},
  journal = {Phys. Rev. B},
  volume = {70},
  issue = {11},
  pages = {115410},
  numpages = {5},
  year = {2004},
  month = {Sep},
  doi = {10.1103/PhysRevB.70.115410},
  url = {http://link.aps.org/doi/10.1103/PhysRevB.70.115410},
  publisher = {American Physical Society},
}

@phdthesis{phd_trezzi,
	author = {Davide Trezzi},
	title = "{Study of Positronium Converters in the AEGIS Antimatter Experiment}",
	howpublished = "\url{http://www.mi.infn.it/~trezzi/papers/phd_trezzi.pdf}",
	year = "2010",
	school = {Universita Degli Studi Di Milano},
}


@misc{theory,
	author = {Haruo Saito },
	title = "{Positron and Positronium Interactions in Solids }",
	organization = "Institute of Physics, Graduate School of Arts and Sciences, University of Tokyo,",
	edition = "{Modell 4630}",
}

@article{theory2,
    author  = {P. Hautojaervi},
    title   = {Positrons in Solids},
    journal = {Topics in Current Physics},
    volume  = {12},
    year    = {1979},
 }

