@misc{versuchsanleitung,
	title = "{D0-Experiment: Produktion und Zerfall von W-Bosonen (Versuch 17)}",
	howpublished = "\url{http://web.physik.rwth-aachen.de/~hebbeker/fprakt/w.pdf}",
	year = "2010",
}
@article{Abachi:1996ey,
      author         = "Abachi, S. and others",
      title          = "{Measurement of the $W$ boson mass}",
      collaboration  = "D0 Collaboration",
      journal        = "Phys.Rev.Lett.",
      volume         = "77",
      pages          = "3309-3314",
      doi            = "10.1103/PhysRevLett.77.3309",
      year           = "1996",
      eprint         = "hep-ex/9607011",
      archivePrefix  = "arXiv",
      primaryClass   = "hep-ex",
      reportNumber   = "FERMILAB-PUB-96-177-E",
      SLACcitation   = "%%CITATION = HEP-EX/9607011;%%",
}
@article{Achard:2005qy,
      author         = "Achard, P. and others",
      title          = "{Measurement of the mass and the width of the $W$ boson
                        at LEP}",
      collaboration  = "L3 Collaboration",
      journal        = "Eur.Phys.J.",
      volume         = "C45",
      pages          = "569-587",
      doi            = "10.1140/epjc/s2005-02459-6",
      year           = "2006",
      eprint         = "hep-ex/0511049",
      archivePrefix  = "arXiv",
      primaryClass   = "hep-ex",
      reportNumber   = "CERN-PH-EP-2005-043",
      SLACcitation   = "%%CITATION = HEP-EX/0511049;%%",
}
@article{2011arXiv1106.5182P,
   author = {{Papadimitriou}, V.},
    title = "{Luminosity determination at the Tevatron}",
  journal = {ArXiv e-prints},
archivePrefix = "arXiv",
   eprint = {1106.5182},
 primaryClass = "physics.ins-det",
 keywords = {Physics - Instrumentation and Detectors, High Energy Physics - Experiment},
     year = 2011,
    month = jun,
   adsurl = {http://adsabs.harvard.edu/abs/2011arXiv1106.5182P},
  adsnote = {Provided by the SAO/NASA Astrophysics Data System}
}
@techreport{Dallavalle:318495,
      author       = "Dallavalle, G M",
      title        = "Review of Precision Determinations of the Accelerator
                      Luminosity in LEP Experiments. oai:cds.cern.ch:318495",
      number       = "CERN-OPEN-97-002. DFUB-96-30",
      month        = "Dec",
      year         = "1996",
}
