@misc{ versuchsanleitung,
	title = "Versuch XIII, Die paulsche Teilchenfalle, Physikalisches Praktikum f√ºr Fortgeschrittene, Teil B",
	howpublished = "\url{http://www.physik.rwth-aachen.de/fileadmin/user_upload/www_physik/Institute/Inst_3B/Lehre/Praktikum/Versuchsanleitungen/versuch_13.pdf}",
	year = "2010",
}
